@Manual{rticles2021,
  title = {rticles: Article Formats for R Markdown},
  author = {JJ Allaire and Yihui Xie and {R Foundation} and Hadley Wickham and {Journal of Statistical Software} and Ramnath  Vaidyanathan and {Association for Computing Machinery} and Carl Boettiger and {Elsevier} and Karl Broman and Kirill Mueller and Bastiaan Quast and Randall  Pruim and Ben Marwick and Charlotte Wickham and Oliver Keyes and Miao Yu and Daniel Emaasit and Thierry Onkelinx and Alessandro Gasparini and Marc-Andre Desautels and Dominik Leutnant and {MDPI} and {Taylor and Francis} and Oguzhan Ögreden and Dalton Hance and Daniel Nüst and Petter Uvesten and Elio Campitelli and John Muschelli and Alex Hayes and Zhian N. Kamvar and Noam Ross and Robrecht Cannoodt and Duncan Luguern and David M. Kaplan and Sebastian Kreutzer and Shixiang Wang and Jay Hesselberth and Christophe Dervieux},
  year = {2021},
  note = {R package version 0.19},
  url = {https://CRAN.R-project.org/package=rticles},
}

